@article{Clifton_2018_a,
	title={IEA Wind Task 32: Wind Lidar Identifying and Mitigating Barriers to the Adoption of Wind Lidar}, 
	volume={10}, ISSN={2072-4292}, 
	url={http://dx.doi.org/10.3390/rs10030406}, 
	DOI={10.3390/rs10030406}, 
	number={3}, 
	journal={Remote Sensing}, 
	publisher={MDPI AG}, 
	author={Clifton, Andrew and Clive, Peter and Gottschall, Julia and Schlipf, David and Simley, Eric and Simmons, Luke and Stein, Detlef and Trabucchi, Davide and Vasiljevic, Nikola and WÃ¼rth, Ines}, 
	year={2018}, 
	month={Mar}, 
	pages={406}}


@techreport{iec_61400_12_1_2017,
	  author = {IEC},
  	biburl = {https://puma.ub.uni-stuttgart.de/bibtex/247622ebfdfc6b2f2d82ed7f8ab4ff4b5/mwigger},
  	institution = {International Electrotechnical Commission},
  month = {03},
  number = {61400-12-1:2017},
  title = {Wind turbines - Part 12-1: Power performance measurements of electricity producing wind turbines, Edition 2.0},
  type = {Standard},
  year = 2017
}


